<record>
    <leader>02470 a2200733 450 </leader>
    <!-- 
    0-4 = record length //ignore
    5 = record status //ignore
    6 = record type
    7 = Bibliographic level
    8 = control type //ignore
    9 = Character encoding //ignore??
    10 = always=2 //ignore
    11 = always=2 //ignore
    12-16 = leader length //ignore
    17 = encoding level //ignore
    18 = cataloging form //ignore
    19 = multipart record level
     -->
 
    <controlfield tag="005">20130604170200.0</controlfield>
    <!-- 
    Date/Time 4+2+2/2+2+2+.1
     -->
    
    <datafield tag="025" ind1="o" ind2="1">
        <subfield code="a">14632860</subfield>
    </datafield>
    <datafield tag="025" ind1="a" ind2="1">
        <subfield code="a">860160599</subfield>
    </datafield>
    <datafield tag="026" ind1="g" ind2="1">
        <subfield code="a">003884740</subfield>
    </datafield>
    <!-- ID -->
    <datafield tag="026" ind1="-" ind2="1">
        <subfield code="a">BVBBV000388474</subfield>
    </datafield>
    <datafield tag="027" ind1="-" ind2="1">
        <subfield code="a">ZB0000076</subfield>
    </datafield>
    <datafield tag="030" ind1="-" ind2="1">
        <subfield code="z">1dc||z|||17</subfield>
    </datafield>
    <datafield tag="036" ind1="a" ind2="1">
        <subfield code="a">XA-DE</subfield>
    </datafield>
    <datafield tag="037" ind1="b" ind2="1">
        <subfield code="a">ger</subfield>
    </datafield>
    <datafield tag="050" ind1="-" ind2="1">
        <subfield code="|">a|||||||||||</subfield>
    </datafield>
    <datafield tag="051" ind1="-" ind2="1">
        <subfield code="|">||||||</subfield>
    </datafield>
    <datafield tag="070" ind1="-" ind2="1">
        <subfield code="a">355-----</subfield>
    </datafield>
    <datafield tag="070" ind1="a" ind2="1">
        <subfield code="a">BAY</subfield>
    </datafield>
    <datafield tag="070" ind1="b" ind2="1">
        <subfield code="a">DE-12</subfield>
    </datafield>
    <datafield tag="073" ind1="-" ind2="1">
        <subfield code="a">6,15</subfield>
    </datafield>
    <datafield tag="078" ind1="n" ind2="1">
        <subfield code="a">oe</subfield>
    </datafield>
    <datafield tag="078" ind1="q" ind2="1">
        <subfield code="a">BSBahf</subfield>
    </datafield>
    <!-- 1.Autor -->
    <datafield tag="100" ind1="-" ind2="1">
        <subfield code="p">Schreiner, Peter</subfield>
        <subfield code="d">1940-</subfield>
        <subfield code="9">(DE-588)118993011</subfield>
    </datafield>
    <!-- Titel -->
    <datafield tag="331" ind1="-" ind2="1">
        <subfield code="a">Byzanz</subfield>
    </datafield>
    <!-- Verfasserangabe -->
    <datafield tag="359" ind1="-" ind2="1">
        <subfield code="a">von Peter Schreiner</subfield>
    </datafield>
    <!-- Ort (der Ausgabe) -->
    <datafield tag="410" ind1="-" ind2="1">
        <subfield code="a">München</subfield>
    </datafield>
    <!-- Verlag -->
    <datafield tag="412" ind1="-" ind2="1">
        <subfield code="a">Oldenbourg</subfield>
    </datafield>
    <!-- Jahr (Ausgabe) -->
    <datafield tag="425" ind1="-" ind2="1">
        <subfield code="a">1986</subfield>
    </datafield>
    <datafield tag="425" ind1="a" ind2="1">
        <subfield code="a">1986</subfield>
    </datafield>
    <!-- Umfang/Extent -->
    <datafield tag="433" ind1="-" ind2="1">
        <subfield code="a">X, 226 S.</subfield>
    </datafield>
    <!-- Gesamttitel/Serientitel -->
    <datafield tag="451" ind1="-" ind2="1">
        <subfield code="a">Oldenbourg-Grundriß der Geschichte ; 22
        </subfield>
    </datafield>
    <datafield tag="453" ind1="-" ind2="1">
        <subfield code="a">BV000001686</subfield>
    </datafield>
    <datafield tag="455" ind1="-" ind2="1">
        <subfield code="a">22</subfield>
    </datafield>
    <datafield tag="456" ind1="-" ind2="1">
        <subfield code="a">22</subfield>
    </datafield>
    <!-- ISBN -->
    <datafield tag="540" ind1="a" ind2="1">
        <subfield code="a">3-486-53071-2</subfield>
    </datafield>
    <datafield tag="540" ind1="a" ind2="1">
        <subfield code="a">3-486-53061-5</subfield>
    </datafield>
    <datafield tag="700" ind1="c" ind2="1">
        <subfield code="a">D5.5</subfield>
    </datafield>
    <datafield tag="700" ind1="d" ind2="1">
        <subfield code="a">63</subfield>
    </datafield>
    <datafield tag="700" ind1="-" ind2="1">
        <subfield code="a">AHF II/4._1/12/_0</subfield>
    </datafield>
    <datafield tag="700" ind1="-" ind2="1">
        <subfield code="a">G:gr</subfield>
    </datafield>
    <!-- RVK-Notation -->
    <datafield tag="700" ind1="g" ind2="1">
        <subfield code="a">NK 1200</subfield>
    </datafield>
    <datafield tag="700" ind1="g" ind2="1">
        <subfield code="a">NH 9100</subfield>
    </datafield>
    <datafield tag="700" ind1="g" ind2="1">
        <subfield code="a">NK 1500</subfield>
    </datafield>
    <datafield tag="700" ind1="g" ind2="1">
        <subfield code="a">NK 1100</subfield>
    </datafield>
    <datafield tag="700" ind1="g" ind2="1">
        <subfield code="a">NK 1000</subfield>
    </datafield>
    <datafield tag="705" ind1="a" ind2="1">
        <subfield code="a">909</subfield>
        <subfield code="b">O44, v.22</subfield>
    </datafield>
    <datafield tag="705" ind1="a" ind2="1">
        <subfield code="e">DDC22ger</subfield>
        <subfield code="g">495</subfield>
    </datafield>
    <datafield tag="740" ind1="g" ind2="1">
        <subfield code="a">Byzantine Empire</subfield>
        <subfield code="x">Civilization</subfield>
    </datafield>
    <datafield tag="740" ind1="g" ind2="1">
        <subfield code="a">Byzantine Empire</subfield>
        <subfield code="x">History</subfield>
    </datafield>
    <datafield tag="740" ind1="g" ind2="1">
        <subfield code="a">Byzantine Empire</subfield>
        <subfield code="x">Study and teaching</subfield>
    </datafield>
    <!-- Schlagwort -->
    <datafield tag="902" ind1="-" ind2="1">
        <subfield code="g">Byzantinisches Reich</subfield>
        <subfield code="9">(DE-588)4009256-2</subfield>
    </datafield>
    <datafield tag="902" ind1="-" ind2="1">
        <subfield code="z">Geschichte</subfield>
    </datafield>
    <datafield tag="902" ind1="-" ind2="1">
        <subfield code="f">Bibliographie</subfield>
    </datafield>
    <datafield tag="903" ind1="-" ind2="1">
        <subfield code="a">213</subfield>
        <subfield code="a">312</subfield>
    </datafield>
    <datafield tag="999" ind1=" " ind2=" ">
        <subfield code="a">ZB011</subfield>
        <subfield code="A">ZB Grimm-Zentrum</subfield>
        <subfield code="b">0014</subfield>
        <subfield code="B">4. OG / Bereich B - Freihandbestand
        </subfield>
        <subfield code="d">NH 9100 S378</subfield>
        <subfield code="f">U 459</subfield>
        <subfield code="n">13</subfield>
        <subfield code="N">Freihand - 2 Wo</subfield>
        <subfield code="m">000</subfield>
        <subfield code="i">SO047/VW 1990.67</subfield>
        <subfield code="k">20041203</subfield>
        <subfield code="c">00471100006927</subfield>
    </datafield>
    <datafield tag="999" ind1=" " ind2=" ">
        <subfield code="a">ZB011</subfield>
        <subfield code="A">ZB Grimm-Zentrum</subfield>
        <subfield code="b">0014</subfield>
        <subfield code="B">4. OG / Bereich B - Freihandbestand
        </subfield>
        <subfield code="d">NK 1100 O44-22</subfield>
        <subfield code="f">90 A 5392'a'</subfield>
        <subfield code="n">07</subfield>
        <subfield code="N">Präsenz</subfield>
        <subfield code="m">000</subfield>
        <subfield code="i">ZB011/ZLS 1991.100</subfield>
        <subfield code="k">19980527</subfield>
        <subfield code="c">00001100020063</subfield>
    </datafield>
    <datafield tag="999" ind1=" " ind2=" ">
        <subfield code="a">ZB011</subfield>
        <subfield code="A">ZB Grimm-Zentrum</subfield>
        <subfield code="b">0021</subfield>
        <subfield code="B">5. OG / Bereich A / Regal 24-30 -
            Freihandbestand</subfield>
        <subfield code="d">HIST 320.87</subfield>
        <subfield code="n">13</subfield>
        <subfield code="N">Freihand - 2 Wo</subfield>
        <subfield code="m">000</subfield>
        <subfield code="i">ER044/1994-2436</subfield>
        <subfield code="k">20000914</subfield>
        <subfield code="c">00441100038295</subfield>
    </datafield>
    <datafield tag="999" ind1=" " ind2=" ">
        <subfield code="a">ZB011</subfield>
        <subfield code="A">ZB Grimm-Zentrum</subfield>
        <subfield code="d">90 A 5392</subfield>
        <subfield code="n">13</subfield>
        <subfield code="N">Freihand - 2 Wo</subfield>
        <subfield code="p">AU</subfield>
        <subfield code="P">Ausgesondert</subfield>
        <subfield code="m">000</subfield>
        <subfield code="i">ZB011/29.11.90</subfield>
        <subfield code="k">19981009</subfield>
        <subfield code="c">00001100000115</subfield>
    </datafield>
    <datafield tag="999" ind1=" " ind2=" ">
        <subfield code="a">ZB011</subfield>
        <subfield code="A">ZB Grimm-Zentrum</subfield>
        <subfield code="d">90 A 5392'b'</subfield>
        <subfield code="n">13</subfield>
        <subfield code="N">Freihand - 2 Wo</subfield>
        <subfield code="p">AU</subfield>
        <subfield code="P">Ausgesondert</subfield>
        <subfield code="m">000</subfield>
        <subfield code="i">ZB011/ZLS 1990.100</subfield>
        <subfield code="k">19981009</subfield>
        <subfield code="c">00001100292057</subfield>
    </datafield>
    <datafield tag="999" ind1=" " ind2=" ">
        <subfield code="a">ZB011</subfield>
        <subfield code="A">ZB Grimm-Zentrum</subfield>
        <subfield code="d">Eb 37</subfield>
        <subfield code="n">07</subfield>
        <subfield code="N">Präsenz</subfield>
        <subfield code="p">AU</subfield>
        <subfield code="P">Ausgesondert</subfield>
        <subfield code="m">000</subfield>
        <subfield code="i">wg055/1991.2558</subfield>
        <subfield code="k">20060217</subfield>
        <subfield code="c">00551100060994</subfield>
    </datafield>
    <datafield tag="958" ind1="-" ind2="1">
        <subfield code="a">BV000388474</subfield>
    </datafield>
    <datafield tag="957" ind1="-" ind2="1">
        <subfield code="0">0000070</subfield>
    </datafield>
    <datafield tag="080" ind1="-" ind2="1">
        <subfield code="a">05</subfield>
    </datafield>
    <datafield tag="012" ind1=" " ind2="9">
        <subfield code="a">BV000388474</subfield>
        <subfield code="l">HUB01</subfield>
        <subfield code="2">ZB011</subfield>
    </datafield>
</record>